@book{Marquez:2003,
  title     = {Nonlinear Control Systems},
  author    = {Horacio J. Marquez},
  publisher = {John Wiley \& Sons, Inc.},
  year      = {2003},
  address   = {Hoboken, New Jersey},
  isbn      = {0-471-42799-3},
  edition   = {1st},
  series    = {Wiley Interscience},
}
